@book{SyropoulosApostolos1900DtuL,
  series    = {Springer professional computing},
  abstract  = {The TeX and LaTeX typesetting systems have become the de facto standard for preparing complex technical documents in print and electronic form.
               "Digital Typography Using LaTeX" collects together the most frequently required ¿how to¿ information and tools. The book describes recent developments in multilingual typesetting using TeX that make it easy for users to prepare documents in their own languages and alphabets. In addition, it demonstrates how to develop a single document for use in camera-ready copy, World Wide Web pages, and portable electronic documents.
               Topics & features:
               * An ¿all in one,¿ comprehensive introduction to TeX and LaTeX, suitable for both those new to, and experienced with, the TeX software program
               * Provides detailed description of TeX¿s and LaTeX¿s new multilingual features, as well as how to combine languages into a single document
               * Provides details for obtaining and installing popular versions of LaTeX and necessary utility programs and tools
               * CD-ROM includes extensive utility programs, tools, and demonstrations presented in the book
               * Covers areas of advanced typography, such as the addition of Postscript or TrueType fonts to a LaTeX installation, and how to work with graphic images
               * Describes advanced typesetting systems, including Omega, Lambda, pdfLaTeX, and epsilon-LaTeX
               All scientists, engineers, and technical professionals who use LaTeX will find this volume a rich source of methods and tools for their desktop publishing needs.},
  publisher = {Springer},
  isbn      = {0387952179},
  year      = {1900},
  title     = {Digital typography using LaTeX},
  language  = {english},
  author    = {Syropoulos, Apostolos and Tsolomitis, Antonis and Sofroniou, Nick},
  keywords  = {Computerized typesetting}
}

@book{GratzerGeorgeA.2007MmiL,
  publisher = {Springer},
  isbn      = {978-0-387-32289-6},
  year      = {2007},
  title     = {More math into LaTeX},
  edition   = {4th ed.},
  language  = {english},
  address   = {New York},
  author    = {Gr{\"a}tzer, George A.},
}

@article{NovotnyVit2021OCOL,
  issn     = {1211-6661},
  journal  = {Zpravodaj Československého sdružení uživatelů TeXu},
  pages    = {3--8},
  number   = {1},
  year     = {2021},
  title    = {Overleaf, Collaborative Online LaTeX Editor},
  language = {czech},
  author   = {Novotný, Vít},
  note = {\url{https://dml.cz/bitstream/handle/10338.dmlcz/150293/ZpravodajCSTUG_031-2021-1_2.pdf}}
}

@article{MatthewsDavid2019Cbei,
issn = {0028-0836},
abstract = {Manufacturers are ditching equation editors in word-processing software in favour of the LaTeX typesetting language. Here's how to get started.},
journal = {Nature (London)},
pages = {263--264},
volume = {570},
publisher = {Nature Publishing Group},
number = {7760},
year = {2019},
title = {Craft beautiful equations in Word with LaTeX},
copyright = {COPYRIGHT 2019 Nature Publishing Group},
language = {english},
address = {England},
author = {Matthews, David},
keywords = {Bibliometrics ; Computer programs ; Documentation ; Editors ; Equations ; Freeware ; Informetrics ; Integrals ; Integrated works software ; Internet ; Latex ; Methods ; Organizations ; Physics ; Public software ; Researchers ; Scientists ; Software ; Software packages ; Software reviews ; Source code ; Syntax ; Writing},
note = {\url{https://media.nature.com/original/magazine-assets/d41586-019-01796-1/d41586-019-01796-1.pdf}},
}

@article{MoorheadAltheaV.2021ILuc,
issn = {0138-9130},
abstract = {Astronomy papers are most frequently composed and submitted in either Microsoft Word or LaTeX format. While most journals accept submissions in Word format (and some, such as
Meteoritics and Planetary Science
, until recently required Word format), the majority of astronomy papers posted to the arXiV are submitted in LaTeX format. The wisdom of using LaTeX is sometimes questioned: for instance, a recent study demonstrated that a set of 40 researchers and graduate students were able to transcribe text and tables more quickly and with fewer errors using Word rather than LaTeX, although LaTeX proved similarly efficient when it came to transcribing equations and was more enjoyable to use. However, the study had all participants reproduce a given source text. We suspect that the use of Word may influence an author to include fewer equations when creating an original work. This is a difficult hypothesis to test directly, so we instead use a subset of arXiV submissions to probe whether the use of LaTeX is correlated with the number of standalone equations in a manuscript. We find that PDF-only manuscripts on the arXiV have roughly half as many equations as those with LaTeX source files.},
journal = {Scientometrics},
pages = {8259--8273},
volume = {126},
publisher = {Springer International Publishing},
number = {10},
year = {2021},
title = {Is LaTeX use correlated with the number of equations in a manuscript?},
copyright = {This is a U.S. government work and not under copyright protection in the U.S.; foreign copyright protection may apply 2021},
language = {english},
address = {Cham},
author = {Moorhead, Althea V.},
keywords = {Astronomy ; Computer Science ; Format ; Information Storage and Retrieval ; Latex ; Library Science ; Mathematical analysis ; Periodical publishing ; Word processing software},
note = {\url{https://link.springer.com/article/10.1007/s11192-021-04119-2}},
}

@INPROCEEDINGS{1394451,
  author={Oksuz, O. and Gudukbay, U. and Cetin, E.},
  booktitle={2004 IEEE International Conference on Multimedia and Expo (ICME) (IEEE Cat. No.04TH8763)}, 
  title={Computer vision based text and equation editor for LATEX}, 
  year={2004},
  volume={2},
  number={},
  pages={1255-1258 Vol.2},
  doi={10.1109/ICME.2004.1394451},
  note = {\url{https://ieeexplore-ieee-org.ezproxy.lib.vutbr.cz/document/1394451}},
  }

@misc{SimovaHana2018Zmvd,
  abstract = {This paper explores the current state of display of mathematical expressions on web pages. Identifies the languages that can be used to display mathematical expressions on webpages. The goal is to find out the ways in which mathematical expressions can be entered on the web. It also deals with the identification of advantages and disadvantages of individual insertion methods and individual languages. The thesis deals with the comparison of individual ways from the point of view of load speed, rendering appearance and usability when transferring to an environment other than web site. It also deals with inserting math into web pages for users who do not have knowledge of any of the languages.
  Tato práce zhodnocuje současný stav zobrazování matematických výrazů do webových stránek. Zjišťuje jazyky použitelné pro zobrazování matematických výrazů na webových stránkách. Cílem je zjistit jednotlivé způsoby jakými se dají matematické výrazy na web zadávat. Dále se zabývá zjištěním výhod a nevýhod jednotlivých způsobů vkládání a jednotlivých jazyků. Práce se zabývá porovnáním jednotlivých způsobů z pohledu rychlosti načítání, vzhledu vykreslení a použitelnosti při přenášení do jiných prostředí, než je webová stránka. Zabývá se také vkládáním matematiky do webových stránek pro uživatele, kteří neovládají ani jeden z nalezených jazyků.},
  publisher = {Vysoká škola ekonomická v Praze},
  year = {2018},
  pages ={14--15},
  title = {Zařazování matematických výrazů do webových stránek},
  copyright = {Vysokoškolské kvalifikační práce obhájené na VŠE jsou veřejně dostupné online. https://knihovna.vse.cz/navody/vskp Theses and disertations defended at University of Economics, Prague are freely available online. https://knihovna.vse.cz/navody/vskp},
  language = {czech},
  author = {Šímová, Hana},
  keywords = {ASCIIMath ; KaTeX ; LaTeX ; matematika ; MathML ; web},
}

@misc{SebekMichal2007Idsp,
abstract = {Tato práce se zabývá analýzou a vývojem informačního systému - diskusní skupiny určené pro používání studenty technické školy. Práce je zaměřena především na shrnutí poznatků při implementaci speciálních funkcí jakožto dynamického vkládání obrázků, tabulek a vzorců ve formátu systému LaTeX do komentářů. Rovněž diskutuje možnost použití umělé inteligence jako nástroje pro vyhledávání vulgarizmů v textu komentářů. Implementace systému proběhla s použitím jazyků PHP, MySQL, XHTML, CSS a Javascript.},
publisher = {Vysoké učení technické v Brně. Fakulta informačních technologií},
year = {2007},
title = {Implementace diskusní skupiny pro studenty},
language = {czech},
address = {Brno},
author = {Šebek, Michal},
pages = {37--38},
keywords = {diskusní skupina pro studenty; informační systém; internetové fórum; umělá inteligence; vkládání obrázků a tabulek; PHP; MySQL; XHTML; Javascript; discussion group for students; information system; internet forum; artificial intelligence; pictures and tables insertion},
}

@article{BarHaim2021RSwL,
issn = {1680-743X},
abstract = {This paper proposes a procedure to execute external source codes from a LaTeX document and include the calculation outputs in the resulting Portable Document Format (pdf) file automatically. It integrates programming tools into the LaTeX writing tool to facilitate the production of reproducible research. In our proposed approach to a LaTeX-based scientific notebook the user can easily invoke any programming language or a command-line program when compiling the LaTeX document, while using their favorite LaTeX editor in the writing process. The required LaTeX setup, a new Python package, and the defined preamble are discussed in detail, and working examples using R, Julia, and MatLab to reproduce existing research are provided to illustrate the proposed procedure. We also demonstrate how to include system setting information in a paper by invoking shell scripts when compiling the document.},
journal = {Journal of data science},
pages = {111--125},
publisher = {Cornell University Library, arXiv.org},
year = {2021},
title = {Reproducible Science with LATEX},
copyright = {2020. This work is published under http://arxiv.org/licenses/nonexclusive-distrib/1.0/ (the “License”). Notwithstanding the ProQuest Terms and Conditions, you may use this content in accordance with the terms of the License.},
language = {english},
address = {Ithaca},
author = {Bar, Haim and Wang, HaiYing},
keywords = {Latex ; Portable document format ; Programming languages},
}

